<record><leader>00000cas a22000007a 4500</leader><controlfield tag="001">15673837</controlfield><controlfield tag="008">870512d190319uuiauwr ne      0    0eng d</controlfield><datafield ind1=" " ind2=" " tag="010"><subfield code="a">sn 87057287 </subfield></datafield><datafield ind1=" " ind2=" " tag="040"><subfield code="a">INP</subfield><subfield code="b">eng</subfield><subfield code="c">INP</subfield><subfield code="d">OCLCQ</subfield></datafield><datafield ind1=" " ind2=" " tag="042"><subfield code="a">msc</subfield></datafield><datafield ind1="0" ind2=" " tag="130"><subfield code="a">Weekly tribune (Moulton, Iowa)</subfield></datafield><datafield ind1="1" ind2="4" tag="245"><subfield code="a">The weekly tribune.</subfield></datafield><datafield ind1="3" ind2="0" tag="246"><subfield code="a">Moulton tribune</subfield></datafield><datafield ind1="1" ind2="3" tag="246"><subfield code="a">Weekly Moulton tribune</subfield></datafield><datafield ind1=" " ind2=" " tag="260"><subfield code="a">Moulton, Appanoose County, Iowa :</subfield><subfield code="b">R.R. Wilson,</subfield><subfield code="c">1903-</subfield></datafield><datafield ind1=" " ind2=" " tag="300"><subfield code="a">v.</subfield></datafield><datafield ind1=" " ind2=" " tag="310"><subfield code="a">Weekly</subfield></datafield><datafield ind1="0" ind2=" " tag="362"><subfield code="a">Vol. 19, no. 52 (Jan. 23, 1903)-</subfield></datafield><datafield ind1=" " ind2=" " tag="500"><subfield code="a">World's fair edition, June 10, 1904, published as: Moulton tribune.</subfield></datafield><datafield ind1=" " ind2=" " tag="752"><subfield code="a">United States</subfield><subfield code="b">Iowa</subfield><subfield code="c">Appanoose</subfield><subfield code="d">Moulton.</subfield></datafield><datafield ind1="0" ind2="0" tag="780"><subfield code="t">Moulton tribune (Moulton, Iowa : 1884)</subfield><subfield code="w">(DLC)sn 87058035</subfield></datafield><datafield ind1="0" ind2="0" tag="785"><subfield code="t">Moulton weekly tribune</subfield><subfield code="w">(DLC)sn 87057288</subfield></datafield></record>